<?xml version="1.0" encoding="UTF-8"?>
  <record xmlns="http://www.loc.gov/MARC21/slim" type="Authority">
    <leader>00000nz  a2200000nc 4500</leader>
    <controlfield tag="001">100072135</controlfield>
    <controlfield tag="003">DE-101</controlfield>
    <controlfield tag="005">20220604112729.0</controlfield>
    <controlfield tag="008">900615n||azznnaabn           | aaa    |c</controlfield>
    <datafield tag="024" ind1="7" ind2=" ">
      <subfield code="a">100072135</subfield>
      <subfield code="0">http://d-nb.info/gnd/100072135</subfield>
      <subfield code="2">gnd</subfield>
    </datafield>
    <datafield tag="035" ind1=" " ind2=" ">
      <subfield code="a">(DE-101)100072135</subfield>
    </datafield>
    <datafield tag="035" ind1=" " ind2=" ">
      <subfield code="a">(DE-588)100072135</subfield>
    </datafield>
    <datafield tag="035" ind1=" " ind2=" ">
      <subfield code="z">(DE-588a)100072135</subfield>
      <subfield code="9">v:zg</subfield>
    </datafield>
    <datafield tag="035" ind1=" " ind2=" ">
      <subfield code="z">(DE-588c)4527576-2</subfield>
      <subfield code="9">v:zg</subfield>
    </datafield>
    <datafield tag="040" ind1=" " ind2=" ">
      <subfield code="a">DE-12</subfield>
      <subfield code="c">DE-12</subfield>
      <subfield code="9">r:DE-12</subfield>
      <subfield code="b">ger</subfield>
      <subfield code="d">1210</subfield>
    </datafield>
    <datafield tag="042" ind1=" " ind2=" ">
      <subfield code="a">gnd1</subfield>
    </datafield>
    <datafield tag="043" ind1=" " ind2=" ">
      <subfield code="c">XA-PL</subfield>
    </datafield>
    <datafield tag="065" ind1=" " ind2=" ">
      <subfield code="a">3.6p</subfield>
      <subfield code="2">sswd</subfield>
    </datafield>
    <datafield tag="075" ind1=" " ind2=" ">
      <subfield code="b">p</subfield>
      <subfield code="2">gndgen</subfield>
    </datafield>
    <datafield tag="075" ind1=" " ind2=" ">
      <subfield code="b">piz</subfield>
      <subfield code="2">gndspec</subfield>
    </datafield>
    <datafield tag="079" ind1=" " ind2=" ">
      <subfield code="a">g</subfield>
      <subfield code="q">a</subfield>
      <subfield code="q">f</subfield>
      <subfield code="q">s</subfield>
    </datafield>
    <datafield tag="100" ind1="1" ind2=" ">
      <subfield code="a">Karnkowski, Stanisław</subfield>
      <subfield code="d">1520-1603</subfield>
    </datafield>
    <datafield tag="400" ind1="1" ind2=" ">
      <subfield code="a">Karnkowski, Stanisław Jan</subfield>
      <subfield code="d">1520-1603</subfield>
      <subfield code="9">v:WBIS</subfield>
    </datafield>
    <datafield tag="400" ind1="0" ind2=" ">
      <subfield code="a">Stanisław</subfield>
      <subfield code="c">Karnkowski</subfield>
      <subfield code="d">1520-1603</subfield>
      <subfield code="9">v:WBIS</subfield>
    </datafield>
    <datafield tag="400" ind1="1" ind2=" ">
      <subfield code="a">Carncovius, Stanislaus</subfield>
      <subfield code="d">1520-1603</subfield>
    </datafield>
    <datafield tag="400" ind1="1" ind2=" ">
      <subfield code="a">Carnecovius, Stanislaus</subfield>
      <subfield code="d">1520-1603</subfield>
    </datafield>
    <datafield tag="400" ind1="1" ind2=" ">
      <subfield code="a">Czernkowski, Stanislaw</subfield>
      <subfield code="d">1520-1603</subfield>
    </datafield>
    <datafield tag="400" ind1="1" ind2=" ">
      <subfield code="a">Carcov, Stanislaw</subfield>
      <subfield code="d">1520-1603</subfield>
    </datafield>
    <datafield tag="400" ind1="1" ind2=" ">
      <subfield code="a">Karnkovius, Stanislaus</subfield>
      <subfield code="d">1520-1603</subfield>
    </datafield>
    <datafield tag="400" ind1="1" ind2=" ">
      <subfield code="a">Carncouius, Stanislaus</subfield>
      <subfield code="d">1520-1603</subfield>
    </datafield>
    <datafield tag="400" ind1="1" ind2=" ">
      <subfield code="a">Carncovski, Stanislaus</subfield>
      <subfield code="d">1520-1603</subfield>
    </datafield>
    <datafield tag="400" ind1="1" ind2=" ">
      <subfield code="a">Carnkowski, Stanislaus</subfield>
      <subfield code="d">1520-1603</subfield>
    </datafield>
    <datafield tag="400" ind1="1" ind2=" ">
      <subfield code="a">Karnkowski, Stanisław</subfield>
      <subfield code="c">Erzbischof</subfield>
      <subfield code="d">1520-1603</subfield>
    </datafield>
    <datafield tag="400" ind1="1" ind2=" ">
      <subfield code="9">L:fre</subfield>
      <subfield code="a">Karnkowski, Stanisław</subfield>
      <subfield code="c">Archevêque</subfield>
      <subfield code="d">1520-1603</subfield>
      <subfield code="5">CH-GND</subfield>
    </datafield>
    <datafield tag="400" ind1="1" ind2=" ">
      <subfield code="9">L:eng</subfield>
      <subfield code="a">Karnkowski, Stanisław</subfield>
      <subfield code="c">Archbishop</subfield>
      <subfield code="d">1520-1603</subfield>
      <subfield code="5">CH-GND</subfield>
    </datafield>
    <datafield tag="400" ind1="1" ind2=" ">
      <subfield code="a">Carcov, Stanislaw</subfield>
      <subfield code="c">Erzbischof</subfield>
      <subfield code="d">1520-1603</subfield>
    </datafield>
    <datafield tag="400" ind1="1" ind2=" ">
      <subfield code="a">Carcov, Stanislaw</subfield>
      <subfield code="c">Archevêque</subfield>
      <subfield code="d">1520-1603</subfield>
    </datafield>
    <datafield tag="400" ind1="1" ind2=" ">
      <subfield code="a">Carcov, Stanislaw</subfield>
      <subfield code="c">Archbishop</subfield>
      <subfield code="d">1520-1603</subfield>
    </datafield>
    <datafield tag="400" ind1="1" ind2=" ">
      <subfield code="a">Carncov, Stanislaus</subfield>
      <subfield code="c">Erzbischof</subfield>
      <subfield code="d">1520-1603</subfield>
    </datafield>
    <datafield tag="400" ind1="1" ind2=" ">
      <subfield code="a">Carncov, Stanislaus</subfield>
      <subfield code="c">Archevêque</subfield>
      <subfield code="d">1520-1603</subfield>
    </datafield>
    <datafield tag="400" ind1="1" ind2=" ">
      <subfield code="a">Carncov, Stanislaus</subfield>
      <subfield code="c">Archbishop</subfield>
      <subfield code="d">1520-1603</subfield>
    </datafield>
    <datafield tag="400" ind1="1" ind2=" ">
      <subfield code="a">Carncovius, Stanislaus</subfield>
      <subfield code="c">Erzbischof</subfield>
      <subfield code="d">1520-1603</subfield>
    </datafield>
    <datafield tag="400" ind1="1" ind2=" ">
      <subfield code="a">Carncovius, Stanislaus</subfield>
      <subfield code="c">Archevêque</subfield>
      <subfield code="d">1520-1603</subfield>
    </datafield>
    <datafield tag="400" ind1="1" ind2=" ">
      <subfield code="a">Carncovius, Stanislaus</subfield>
      <subfield code="c">Archbishop</subfield>
      <subfield code="d">1520-1603</subfield>
    </datafield>
    <datafield tag="400" ind1="1" ind2=" ">
      <subfield code="a">Carncovski, Stanislaus</subfield>
      <subfield code="c">Erzbischof</subfield>
      <subfield code="d">1520-1603</subfield>
    </datafield>
    <datafield tag="400" ind1="1" ind2=" ">
      <subfield code="a">Carncovski, Stanislaus</subfield>
      <subfield code="c">Archevêque</subfield>
      <subfield code="d">1520-1603</subfield>
    </datafield>
    <datafield tag="400" ind1="1" ind2=" ">
      <subfield code="a">Carncovski, Stanislaus</subfield>
      <subfield code="c">Archbishop</subfield>
      <subfield code="d">1520-1603</subfield>
    </datafield>
    <datafield tag="400" ind1="0" ind2=" ">
      <subfield code="a">Carnecovius Stanislaus</subfield>
      <subfield code="c">Erzbischof</subfield>
      <subfield code="d">1520-1603</subfield>
    </datafield>
    <datafield tag="400" ind1="0" ind2=" ">
      <subfield code="a">Carnecovius Stanislaus</subfield>
      <subfield code="c">Archevêque</subfield>
      <subfield code="d">1520-1603</subfield>
    </datafield>
    <datafield tag="400" ind1="0" ind2=" ">
      <subfield code="a">Carnecovius Stanislaus</subfield>
      <subfield code="c">Archbishop</subfield>
      <subfield code="d">1520-1603</subfield>
    </datafield>
    <datafield tag="400" ind1="1" ind2=" ">
      <subfield code="a">Carnkowski, Stanislaus</subfield>
      <subfield code="c">Erzbischof</subfield>
      <subfield code="d">1520-1603</subfield>
    </datafield>
    <datafield tag="400" ind1="1" ind2=" ">
      <subfield code="a">Carnkowski, Stanislaus</subfield>
      <subfield code="c">Archevêque</subfield>
      <subfield code="d">1520-1603</subfield>
    </datafield>
    <datafield tag="400" ind1="1" ind2=" ">
      <subfield code="a">Carnkowski, Stanislaus</subfield>
      <subfield code="c">Archbishop</subfield>
      <subfield code="d">1520-1603</subfield>
    </datafield>
    <datafield tag="400" ind1="1" ind2=" ">
      <subfield code="a">Czernkowski, Stanislaus</subfield>
      <subfield code="c">Erzbischof</subfield>
      <subfield code="d">1520-1603</subfield>
    </datafield>
    <datafield tag="400" ind1="1" ind2=" ">
      <subfield code="a">Czernkowski, Stanislaus</subfield>
      <subfield code="c">Archevêque</subfield>
      <subfield code="d">1520-1603</subfield>
    </datafield>
    <datafield tag="400" ind1="1" ind2=" ">
      <subfield code="a">Czernkowski, Stanislaus</subfield>
      <subfield code="c">Archbishop</subfield>
      <subfield code="d">1520-1603</subfield>
    </datafield>
    <datafield tag="400" ind1="1" ind2=" ">
      <subfield code="a">Czernkowski, Stanislaw</subfield>
      <subfield code="c">Erzbischof</subfield>
      <subfield code="d">1520-1603</subfield>
    </datafield>
    <datafield tag="400" ind1="1" ind2=" ">
      <subfield code="a">Czernkowski, Stanislaw</subfield>
      <subfield code="c">Archevêque</subfield>
      <subfield code="d">1520-1603</subfield>
    </datafield>
    <datafield tag="400" ind1="1" ind2=" ">
      <subfield code="a">Czernkowski, Stanislaw</subfield>
      <subfield code="c">Archbishop</subfield>
      <subfield code="d">1520-1603</subfield>
    </datafield>
    <datafield tag="400" ind1="1" ind2=" ">
      <subfield code="a">Karncov, Stanislaus</subfield>
      <subfield code="c">Erzbischof</subfield>
      <subfield code="d">1520-1603</subfield>
    </datafield>
    <datafield tag="400" ind1="1" ind2=" ">
      <subfield code="a">Karncov, Stanislaus</subfield>
      <subfield code="c">Archevêque</subfield>
      <subfield code="d">1520-1603</subfield>
    </datafield>
    <datafield tag="400" ind1="1" ind2=" ">
      <subfield code="a">Karncov, Stanislaus</subfield>
      <subfield code="c">Archbishop</subfield>
      <subfield code="d">1520-1603</subfield>
    </datafield>
    <datafield tag="400" ind1="1" ind2=" ">
      <subfield code="a">Karnkovius, Stanislaus</subfield>
      <subfield code="c">Erzbischof</subfield>
      <subfield code="d">1520-1603</subfield>
    </datafield>
    <datafield tag="400" ind1="1" ind2=" ">
      <subfield code="a">Karnkovius, Stanislaus</subfield>
      <subfield code="c">Archevêque</subfield>
      <subfield code="d">1520-1603</subfield>
    </datafield>
    <datafield tag="400" ind1="1" ind2=" ">
      <subfield code="a">Karnkovius, Stanislaus</subfield>
      <subfield code="c">Archbishop</subfield>
      <subfield code="d">1520-1603</subfield>
    </datafield>
    <datafield tag="400" ind1="1" ind2=" ">
      <subfield code="a">Karnkowski, Stanisław Jan</subfield>
      <subfield code="c">Erzbischof</subfield>
      <subfield code="d">1520-1603</subfield>
    </datafield>
    <datafield tag="400" ind1="1" ind2=" ">
      <subfield code="a">Karnkowski, Stanisław Jan</subfield>
      <subfield code="c">Archevêque</subfield>
      <subfield code="d">1520-1603</subfield>
    </datafield>
    <datafield tag="400" ind1="1" ind2=" ">
      <subfield code="a">Karnkowski, Stanisław Jan</subfield>
      <subfield code="c">Archbishop</subfield>
      <subfield code="d">1520-1603</subfield>
    </datafield>
    <datafield tag="400" ind1="1" ind2=" ">
      <subfield code="a">Karnkowsky, Stanislaus</subfield>
      <subfield code="c">Erzbischof</subfield>
      <subfield code="d">1520-1603</subfield>
    </datafield>
    <datafield tag="400" ind1="1" ind2=" ">
      <subfield code="a">Karnkowsky, Stanislaus</subfield>
      <subfield code="c">Archevêque</subfield>
      <subfield code="d">1520-1603</subfield>
    </datafield>
    <datafield tag="400" ind1="1" ind2=" ">
      <subfield code="a">Karnkowsky, Stanislaus</subfield>
      <subfield code="c">Archbishop</subfield>
      <subfield code="d">1520-1603</subfield>
    </datafield>
    <datafield tag="400" ind1="1" ind2=" ">
      <subfield code="a">Karnkowski, Stanislaw</subfield>
      <subfield code="c">Erzbischof</subfield>
      <subfield code="d">1520-1603</subfield>
    </datafield>
    <datafield tag="400" ind1="1" ind2=" ">
      <subfield code="a">Karnkowski, Stanislaw</subfield>
      <subfield code="c">Archevêque</subfield>
      <subfield code="d">1520-1603</subfield>
    </datafield>
    <datafield tag="400" ind1="1" ind2=" ">
      <subfield code="a">Karnkowski, Stanislaw</subfield>
      <subfield code="c">Archbishop</subfield>
      <subfield code="d">1520-1603</subfield>
    </datafield>
    <datafield tag="500" ind1="1" ind2=" ">
      <subfield code="a">Buonaccorsi, Filippo</subfield>
      <subfield code="4">beza</subfield>
      <subfield code="4">https://d-nb.info/standards/elementset/gnd#acquaintanceshipOrFriendship</subfield>
      <subfield code="w">r</subfield>
      <subfield code="i">Bekanntschaft</subfield>
      <subfield code="e">Bekanntschaft</subfield>
      <subfield code="9">v:VD-16 Mitverf.</subfield>
    </datafield>
    <datafield tag="500" ind1="1" ind2=" ">
      <subfield code="0">(DE-101)119056526</subfield>
      <subfield code="0">(DE-588)119056526</subfield>
      <subfield code="0">https://d-nb.info/gnd/119056526</subfield>
      <subfield code="a">Kromer, Marcin</subfield>
      <subfield code="d">1512-1589</subfield>
      <subfield code="4">beza</subfield>
      <subfield code="4">https://d-nb.info/standards/elementset/gnd#acquaintanceshipOrFriendship</subfield>
      <subfield code="w">r</subfield>
      <subfield code="i">Bekanntschaft</subfield>
      <subfield code="e">Bekanntschaft</subfield>
      <subfield code="9">v:VD-16 Mitverf.</subfield>
    </datafield>
    <datafield tag="500" ind1="1" ind2=" ">
      <subfield code="0">(DE-101)119864320</subfield>
      <subfield code="0">(DE-588)119864320</subfield>
      <subfield code="0">https://d-nb.info/gnd/119864320</subfield>
      <subfield code="a">Wapowski, Bernard</subfield>
      <subfield code="d">1450-1535</subfield>
      <subfield code="4">beza</subfield>
      <subfield code="4">https://d-nb.info/standards/elementset/gnd#acquaintanceshipOrFriendship</subfield>
      <subfield code="w">r</subfield>
      <subfield code="i">Bekanntschaft</subfield>
      <subfield code="e">Bekanntschaft</subfield>
      <subfield code="9">v:VD-16 Mitverf.</subfield>
    </datafield>
    <datafield tag="500" ind1="1" ind2=" ">
      <subfield code="0">(DE-101)119703831</subfield>
      <subfield code="0">(DE-588)119703831</subfield>
      <subfield code="0">https://d-nb.info/gnd/119703831</subfield>
      <subfield code="a">Helias, Jakob</subfield>
      <subfield code="4">beza</subfield>
      <subfield code="4">https://d-nb.info/standards/elementset/gnd#acquaintanceshipOrFriendship</subfield>
      <subfield code="w">r</subfield>
      <subfield code="i">Bekanntschaft</subfield>
      <subfield code="e">Bekanntschaft</subfield>
      <subfield code="9">v:VD-16 Mitverf.</subfield>
    </datafield>
    <datafield tag="500" ind1="1" ind2=" ">
      <subfield code="a">Höfen, Johannes &#152;von&#156;</subfield>
      <subfield code="4">beza</subfield>
      <subfield code="4">https://d-nb.info/standards/elementset/gnd#acquaintanceshipOrFriendship</subfield>
      <subfield code="w">r</subfield>
      <subfield code="i">Bekanntschaft</subfield>
      <subfield code="e">Bekanntschaft</subfield>
      <subfield code="9">v:VD-16 Mitverf.</subfield>
    </datafield>
    <datafield tag="500" ind1="0" ind2=" ">
      <subfield code="0">(DE-101)119723077</subfield>
      <subfield code="0">(DE-588)119723077</subfield>
      <subfield code="0">https://d-nb.info/gnd/119723077</subfield>
      <subfield code="a">Johannes</subfield>
      <subfield code="c">von Höfen</subfield>
      <subfield code="4">beza</subfield>
      <subfield code="4">https://d-nb.info/standards/elementset/gnd#acquaintanceshipOrFriendship</subfield>
      <subfield code="w">r</subfield>
      <subfield code="i">Bekanntschaft</subfield>
      <subfield code="e">Bekanntschaft</subfield>
      <subfield code="9">v:VD-16 Mitverf.</subfield>
    </datafield>
    <datafield tag="500" ind1="1" ind2=" ">
      <subfield code="0">(DE-101)119790408</subfield>
      <subfield code="0">(DE-588)119790408</subfield>
      <subfield code="0">https://d-nb.info/gnd/119790408</subfield>
      <subfield code="a">Plaza, Tomasz &#152;de&#156;</subfield>
      <subfield code="4">beza</subfield>
      <subfield code="4">https://d-nb.info/standards/elementset/gnd#acquaintanceshipOrFriendship</subfield>
      <subfield code="w">r</subfield>
      <subfield code="i">Bekanntschaft</subfield>
      <subfield code="e">Bekanntschaft</subfield>
      <subfield code="9">v:VD-16 Mitverf.</subfield>
    </datafield>
    <datafield tag="500" ind1="1" ind2=" ">
      <subfield code="0">(DE-101)118971034</subfield>
      <subfield code="0">(DE-588)118971034</subfield>
      <subfield code="0">https://d-nb.info/gnd/118971034</subfield>
      <subfield code="a">Robortello, Francesco</subfield>
      <subfield code="d">1516-1567</subfield>
      <subfield code="4">beza</subfield>
      <subfield code="4">https://d-nb.info/standards/elementset/gnd#acquaintanceshipOrFriendship</subfield>
      <subfield code="w">r</subfield>
      <subfield code="i">Bekanntschaft</subfield>
      <subfield code="e">Bekanntschaft</subfield>
      <subfield code="9">v:VD-16 Mitverf.</subfield>
    </datafield>
    <datafield tag="500" ind1="1" ind2=" ">
      <subfield code="0">(DE-101)119822008</subfield>
      <subfield code="0">(DE-588)119822008</subfield>
      <subfield code="0">https://d-nb.info/gnd/119822008</subfield>
      <subfield code="a">Schöne, Andreas</subfield>
      <subfield code="4">beza</subfield>
      <subfield code="4">https://d-nb.info/standards/elementset/gnd#acquaintanceshipOrFriendship</subfield>
      <subfield code="w">r</subfield>
      <subfield code="i">Bekanntschaft</subfield>
      <subfield code="e">Bekanntschaft</subfield>
      <subfield code="9">v:VD-16 Mitverf.</subfield>
    </datafield>
    <datafield tag="500" ind1="1" ind2=" ">
      <subfield code="0">(DE-101)104282223</subfield>
      <subfield code="0">(DE-588)104282223</subfield>
      <subfield code="0">https://d-nb.info/gnd/104282223</subfield>
      <subfield code="a">Solikowski, Jan Dymitr</subfield>
      <subfield code="d">1539-1603</subfield>
      <subfield code="4">beza</subfield>
      <subfield code="4">https://d-nb.info/standards/elementset/gnd#acquaintanceshipOrFriendship</subfield>
      <subfield code="w">r</subfield>
      <subfield code="i">Bekanntschaft</subfield>
      <subfield code="e">Bekanntschaft</subfield>
      <subfield code="9">v:VD-16 Mitverf.</subfield>
    </datafield>
    <datafield tag="548" ind1=" " ind2=" ">
      <subfield code="a">1520-1603</subfield>
      <subfield code="4">datl</subfield>
      <subfield code="4">https://d-nb.info/standards/elementset/gnd#dateOfBirthAndDeath</subfield>
      <subfield code="w">r</subfield>
      <subfield code="i">Lebensdaten</subfield>
    </datafield>
    <datafield tag="550" ind1=" " ind2=" ">
      <subfield code="0">(DE-101)040154718</subfield>
      <subfield code="0">(DE-588)4015471-3</subfield>
      <subfield code="0">https://d-nb.info/gnd/4015471-3</subfield>
      <subfield code="a">Erzbischof</subfield>
      <subfield code="4">berc</subfield>
      <subfield code="4">https://d-nb.info/standards/elementset/gnd#professionOrOccupation</subfield>
      <subfield code="w">r</subfield>
      <subfield code="i">Charakteristischer Beruf</subfield>
    </datafield>
    <datafield tag="550" ind1=" " ind2=" ">
      <subfield code="0">(DE-101)040154718</subfield>
      <subfield code="0">(DE-588)4015471-3</subfield>
      <subfield code="0">https://d-nb.info/gnd/4015471-3</subfield>
      <subfield code="a">Erzbischof</subfield>
      <subfield code="4">beru</subfield>
      <subfield code="4">https://d-nb.info/standards/elementset/gnd#professionOrOccupation</subfield>
      <subfield code="w">r</subfield>
      <subfield code="i">Beruf</subfield>
    </datafield>
    <datafield tag="667" ind1=" " ind2=" ">
      <subfield code="a">12</subfield>
    </datafield>
    <datafield tag="667" ind1=" " ind2=" ">
      <subfield code="a">384</subfield>
    </datafield>
    <datafield tag="667" ind1=" " ind2=" ">
      <subfield code="a">VD-16</subfield>
    </datafield>
    <datafield tag="667" ind1=" " ind2=" ">
      <subfield code="a">Primas von Polen</subfield>
      <subfield code="5">CH-ZuETHN</subfield>
    </datafield>
    <datafield tag="670" ind1=" " ind2=" ">
      <subfield code="a">LCAuth; Wielka Enc. Powszechna</subfield>
    </datafield>
    <datafield tag="672" ind1=" " ind2="0">
      <subfield code="a">Karnkowski, Stanisław: Admonitiones V circa sacram mentorum administrationem facienda</subfield>
      <subfield code="f">1572</subfield>
    </datafield>
    <datafield tag="672" ind1=" " ind2="0">
      <subfield code="a">Karnkowski, Stanisław: Constitutiones in dioecesana Synodo Vuladislavie... editae</subfield>
      <subfield code="f">1572</subfield>
    </datafield>
    <datafield tag="672" ind1=" " ind2="0">
      <subfield code="a">Karnkowski, Stanisław: Ad Henricum Valesium Poloniae regem des.  panegyricus. - s.a.</subfield>
    </datafield>
    <datafield tag="672" ind1=" " ind2="0">
      <subfield code="a">Karnkowski, Stanisław: Illustrium virorum epistolae</subfield>
      <subfield code="f">1711</subfield>
    </datafield>
    <datafield tag="672" ind1=" " ind2="0">
      <subfield code="a">Karnkowski, Stanisław: Ad Henricum Valesium Poloniae regem des. panegyricus</subfield>
      <subfield code="f">1574</subfield>
    </datafield>
    <datafield tag="672" ind1=" " ind2="0">
      <subfield code="a">Karnkowski, Stanislaw: Admonitiones quinque circa sacramentorum administrationem faciendae</subfield>
      <subfield code="f">1572</subfield>
    </datafield>
    <datafield tag="672" ind1=" " ind2="0">
      <subfield code="a">Constitutiones in dioecesana Synodo Wladislaviensi</subfield>
      <subfield code="f">1572</subfield>
    </datafield>
    <datafield tag="672" ind1=" " ind2="0">
      <subfield code="a">Controversiarum aliquot praecipuarum fidei christianae succinctae et accuratae explicationes.  1585.  (VD16 ZV 3839)</subfield>
    </datafield>
    <datafield tag="672" ind1=" " ind2="0">
      <subfield code="a">Kromer, Marcin: Historia de rege Vladislao seu clade Varnensi.  1589.  (VD16 K 2429)</subfield>
    </datafield>
    <datafield tag="672" ind1=" " ind2="0">
      <subfield code="a">Kromer, Marcin: MARTINI CROMERI VARMIENSIS EPISCOPI POLONIA: Siue DE ORIGINE ET REBVS GESTIS ...  1589.  (VD16 ZV 9221)</subfield>
    </datafield>
    <datafield tag="678" ind1=" " ind2=" ">
      <subfield code="b">Bischof von Kujawien 1567, Erzbischof von Gnesen 1581, Primas von Polen</subfield>
    </datafield>
    <datafield tag="913" ind1=" " ind2=" ">
      <subfield code="S">pnd</subfield>
      <subfield code="i">a</subfield>
      <subfield code="a">Karnkowski, Stanisław</subfield>
      <subfield code="0">(DE-588a)100072135</subfield>
    </datafield>
  </record>
